%YAML 1.1
%TAG !u! tag:unity3d.com,2011:
--- !u!1001 &100100000
Prefab:
  m_ObjectHideFlags: 1
  serializedVersion: 2
  m_Modification:
    m_TransformParent: {fileID: 0}
    m_Modifications: []
    m_RemovedComponents: []
  m_SourcePrefab: {fileID: 0}
  m_RootGameObject: {fileID: 1225973988352822}
  m_IsPrefabAsset: 1
--- !u!1 &1025615507400008
GameObject:
  m_ObjectHideFlags: 1
  m_CorrespondingSourceObject: {fileID: 0}
  m_PrefabInternal: {fileID: 100100000}
  serializedVersion: 6
  m_Component:
  - component: {fileID: 224772924013284362}
  - component: {fileID: 114495623657410316}
  m_Layer: 0
  m_Name: . HOLE Eyes Right
  m_TagString: Untagged
  m_Icon: {fileID: 0}
  m_NavMeshLayer: 0
  m_StaticEditorFlags: 0
  m_IsActive: 1
--- !u!1 &1225973988352822
GameObject:
  m_ObjectHideFlags: 0
  m_CorrespondingSourceObject: {fileID: 0}
  m_PrefabInternal: {fileID: 100100000}
  serializedVersion: 6
  m_Component:
  - component: {fileID: 224625686837928752}
  - component: {fileID: 114474042400604768}
  - component: {fileID: 114817656483074716}
  - component: {fileID: 114839446449534472}
  - component: {fileID: 114003334069543056}
  - component: {fileID: 114942730314508458}
  - component: {fileID: 114470153966114604}
  m_Layer: 0
  m_Name: Plug_Head_Round
  m_TagString: Untagged
  m_Icon: {fileID: 0}
  m_NavMeshLayer: 0
  m_StaticEditorFlags: 0
  m_IsActive: 1
--- !u!1 &1306982076139284
GameObject:
  m_ObjectHideFlags: 1
  m_CorrespondingSourceObject: {fileID: 0}
  m_PrefabInternal: {fileID: 100100000}
  serializedVersion: 6
  m_Component:
  - component: {fileID: 224163492896301730}
  - component: {fileID: 114467584766075162}
  m_Layer: 0
  m_Name: . HOLE Ears Left
  m_TagString: Untagged
  m_Icon: {fileID: 0}
  m_NavMeshLayer: 0
  m_StaticEditorFlags: 0
  m_IsActive: 1
--- !u!1 &1321616107634658
GameObject:
  m_ObjectHideFlags: 1
  m_CorrespondingSourceObject: {fileID: 0}
  m_PrefabInternal: {fileID: 100100000}
  serializedVersion: 6
  m_Component:
  - component: {fileID: 224933090003497656}
  - component: {fileID: 114543059960759394}
  m_Layer: 0
  m_Name: . HOLE Eyes Left
  m_TagString: Untagged
  m_Icon: {fileID: 0}
  m_NavMeshLayer: 0
  m_StaticEditorFlags: 0
  m_IsActive: 1
--- !u!1 &1468380265407350
GameObject:
  m_ObjectHideFlags: 1
  m_CorrespondingSourceObject: {fileID: 0}
  m_PrefabInternal: {fileID: 100100000}
  serializedVersion: 6
  m_Component:
  - component: {fileID: 224285905308490706}
  - component: {fileID: 222660902909684314}
  - component: {fileID: 114658275783060720}
  m_Layer: 0
  m_Name: HEAD Sprite
  m_TagString: Untagged
  m_Icon: {fileID: 0}
  m_NavMeshLayer: 0
  m_StaticEditorFlags: 0
  m_IsActive: 1
--- !u!1 &1557004021369170
GameObject:
  m_ObjectHideFlags: 1
  m_CorrespondingSourceObject: {fileID: 0}
  m_PrefabInternal: {fileID: 100100000}
  serializedVersion: 6
  m_Component:
  - component: {fileID: 224504049982076648}
  - component: {fileID: 114322412900496994}
  - component: {fileID: 222173709869440278}
  - component: {fileID: 114459571175946246}
  m_Layer: 0
  m_Name: '* DETAIL Hair 2 Behind Ear'
  m_TagString: Untagged
  m_Icon: {fileID: 0}
  m_NavMeshLayer: 0
  m_StaticEditorFlags: 0
  m_IsActive: 1
--- !u!1 &1641164579040746
GameObject:
  m_ObjectHideFlags: 1
  m_CorrespondingSourceObject: {fileID: 0}
  m_PrefabInternal: {fileID: 100100000}
  serializedVersion: 6
  m_Component:
  - component: {fileID: 224235420510135798}
  - component: {fileID: 114027206149881862}
  m_Layer: 0
  m_Name: . HOLE Ears Right
  m_TagString: Untagged
  m_Icon: {fileID: 0}
  m_NavMeshLayer: 0
  m_StaticEditorFlags: 0
  m_IsActive: 0
--- !u!1 &1793939373243050
GameObject:
  m_ObjectHideFlags: 1
  m_CorrespondingSourceObject: {fileID: 0}
  m_PrefabInternal: {fileID: 100100000}
  serializedVersion: 6
  m_Component:
  - component: {fileID: 224110553048756226}
  - component: {fileID: 114600908136164618}
  m_Layer: 0
  m_Name: . HOLE Mouth
  m_TagString: Untagged
  m_Icon: {fileID: 0}
  m_NavMeshLayer: 0
  m_StaticEditorFlags: 0
  m_IsActive: 1
--- !u!1 &1797927067336976
GameObject:
  m_ObjectHideFlags: 1
  m_CorrespondingSourceObject: {fileID: 0}
  m_PrefabInternal: {fileID: 100100000}
  serializedVersion: 6
  m_Component:
  - component: {fileID: 224201635357452494}
  - component: {fileID: 114905353613353726}
  - component: {fileID: 222714325288180486}
  - component: {fileID: 114717470559578512}
  m_Layer: 0
  m_Name: '* DETAIL Hair 4 Behind Body'
  m_TagString: Untagged
  m_Icon: {fileID: 0}
  m_NavMeshLayer: 0
  m_StaticEditorFlags: 0
  m_IsActive: 1
--- !u!1 &1812314444297626
GameObject:
  m_ObjectHideFlags: 0
  m_CorrespondingSourceObject: {fileID: 0}
  m_PrefabInternal: {fileID: 100100000}
  serializedVersion: 6
  m_Component:
  - component: {fileID: 224440631413412992}
  - component: {fileID: 114281394421749972}
  m_Layer: 0
  m_Name: '- PIN Head back'
  m_TagString: Untagged
  m_Icon: {fileID: 0}
  m_NavMeshLayer: 0
  m_StaticEditorFlags: 0
  m_IsActive: 1
--- !u!1 &1830108906271468
GameObject:
  m_ObjectHideFlags: 0
  m_CorrespondingSourceObject: {fileID: 0}
  m_PrefabInternal: {fileID: 100100000}
  serializedVersion: 6
  m_Component:
  - component: {fileID: 224206205577766270}
  - component: {fileID: 114476022147162190}
  m_Layer: 0
  m_Name: '- PIN Head front'
  m_TagString: Untagged
  m_Icon: {fileID: 0}
  m_NavMeshLayer: 0
  m_StaticEditorFlags: 0
  m_IsActive: 1
--- !u!1 &1934526227892392
GameObject:
  m_ObjectHideFlags: 1
  m_CorrespondingSourceObject: {fileID: 0}
  m_PrefabInternal: {fileID: 100100000}
  serializedVersion: 6
  m_Component:
  - component: {fileID: 224347400405821454}
  - component: {fileID: 114472094950202508}
  - component: {fileID: 222868823133622972}
  - component: {fileID: 114314903569320000}
  m_Layer: 0
  m_Name: '* DETAIL Hair 3 Behind Head'
  m_TagString: Untagged
  m_Icon: {fileID: 0}
  m_NavMeshLayer: 0
  m_StaticEditorFlags: 0
  m_IsActive: 1
--- !u!1 &1939742023852520
GameObject:
  m_ObjectHideFlags: 1
  m_CorrespondingSourceObject: {fileID: 0}
  m_PrefabInternal: {fileID: 100100000}
  serializedVersion: 6
  m_Component:
  - component: {fileID: 224709734488503608}
  - component: {fileID: 114969251710418570}
  m_Layer: 0
  m_Name: . HOLE Nose
  m_TagString: Untagged
  m_Icon: {fileID: 0}
  m_NavMeshLayer: 0
  m_StaticEditorFlags: 0
  m_IsActive: 1
--- !u!1 &1994056168721536
GameObject:
  m_ObjectHideFlags: 1
  m_CorrespondingSourceObject: {fileID: 0}
  m_PrefabInternal: {fileID: 100100000}
  serializedVersion: 6
  m_Component:
  - component: {fileID: 224036466889457226}
  - component: {fileID: 114711496373530114}
  - component: {fileID: 222765937998572206}
  - component: {fileID: 114807092137248690}
  m_Layer: 0
  m_Name: '* DETAIL Hair 1 Front'
  m_TagString: Untagged
  m_Icon: {fileID: 0}
  m_NavMeshLayer: 0
  m_StaticEditorFlags: 0
  m_IsActive: 1
--- !u!114 &114003334069543056
MonoBehaviour:
  m_ObjectHideFlags: 1
  m_CorrespondingSourceObject: {fileID: 0}
  m_PrefabInternal: {fileID: 100100000}
  m_GameObject: {fileID: 1225973988352822}
  m_Enabled: 1
  m_EditorHideFlags: 0
  m_Script: {fileID: 11500000, guid: ef84d39d9355da54db7e3934aeb9b62c, type: 3}
  m_Name: 
  m_EditorClassIdentifier: 
  definition: {fileID: 11400000, guid: ee154207dd9877f4d9fcef82a9b18cbd, type: 2}
  holes:
  - {fileID: 114467584766075162}
  - {fileID: 114027206149881862}
--- !u!114 &114027206149881862
MonoBehaviour:
  m_ObjectHideFlags: 1
  m_CorrespondingSourceObject: {fileID: 0}
  m_PrefabInternal: {fileID: 100100000}
  m_GameObject: {fileID: 1641164579040746}
  m_Enabled: 1
  m_EditorHideFlags: 0
  m_Script: {fileID: 11500000, guid: 058d5d5bcb8e40c41b37a4260b3a646b, type: 3}
  m_Name: 
  m_EditorClassIdentifier: 
  definition: {fileID: 11400000, guid: b18f215a511774242abcf678202e83ba, type: 2}
--- !u!114 &114281394421749972
MonoBehaviour:
  m_ObjectHideFlags: 1
  m_CorrespondingSourceObject: {fileID: 0}
  m_PrefabInternal: {fileID: 100100000}
  m_GameObject: {fileID: 1812314444297626}
  m_Enabled: 1
  m_EditorHideFlags: 0
  m_Script: {fileID: 11500000, guid: 93e31882dbb591841b6b2e9e979191f4, type: 3}
  m_Name: 
  m_EditorClassIdentifier: 
  forSocketHole: {fileID: 11400000, guid: a9bf3c1b606579244b092a06c7779102, type: 2}
  parentPlug: {fileID: 114474042400604768}
  currentSocketHole: {fileID: 0}
  hole: {fileID: 0}
--- !u!114 &114314903569320000
MonoBehaviour:
  m_ObjectHideFlags: 1
  m_CorrespondingSourceObject: {fileID: 0}
  m_PrefabInternal: {fileID: 100100000}
  m_GameObject: {fileID: 1934526227892392}
  m_Enabled: 1
  m_EditorHideFlags: 0
  m_Script: {fileID: 11500000, guid: dad948f5cfe9e471f834f16f6314f51b, type: 3}
  m_Name: 
  m_EditorClassIdentifier: 
  m_Material: {fileID: 0}
  m_Color: {r: 1, g: 1, b: 1, a: 1}
  m_RaycastTarget: 1
  m_OnCullStateChanged:
    m_PersistentCalls:
      m_Calls: []
    m_TypeName: UnityEngine.UI.MaskableGraphic+CullStateChangedEvent, UnityEngine.UI,
      Version=1.0.0.0, Culture=neutral, PublicKeyToken=null
  m_Texture: {fileID: 2800000, guid: c76e7c5ad3d1f7a48a59971d73695917, type: 3}
  m_UVRect:
    serializedVersion: 2
    x: 0
    y: 0
    width: 1
    height: 1
  m_cornerOffsetTL: {x: -8.205846, y: 6.769174, z: 0}
  m_cornerOffsetTR: {x: 4.046116, y: -7.1682425, z: 0}
  m_cornerOffsetBR: {x: -67.39381, y: 30.976294, z: 0}
  m_cornerOffsetBL: {x: -0.35305443, y: -5.0714784, z: 0}
  m_numSubdivisions: 15
  m_bezierEdges: 1
  m_topBezierHandleA: {x: 127.21406, y: 4.7062297, z: 0}
  m_topBezierHandleB: {x: -176.04704, y: -29.541477, z: 0}
  m_leftBezierHandleA: {x: 7.3203177, y: 115.387505, z: 0}
  m_leftBezierHandleB: {x: 18.38054, y: -117.64235, z: 0}
  m_rightBezierHandleA: {x: 53.53753, y: -115.65362, z: 0}
  m_rightBezierHandleB: {x: 115.25492, y: 81.47076, z: 0}
  m_bottomBezierHandleA: {x: -139.42, y: 0, z: 0}
  m_bottomBezierHandleB: {x: 139.42, y: 0, z: 0}
  m_cropLeft: 0
  m_cropRight: 0
  m_cropTop: 0
  m_cropBottom: 0
  m_warpManager:
    m_width: 418.26
    m_height: 418.26
    m_preWarpWidth: 418.26
    m_preWarpHeight: 418.26
  m_initialised: 1
--- !u!114 &114322412900496994
MonoBehaviour:
  m_ObjectHideFlags: 1
  m_CorrespondingSourceObject: {fileID: 0}
  m_PrefabInternal: {fileID: 100100000}
  m_GameObject: {fileID: 1557004021369170}
  m_Enabled: 1
  m_EditorHideFlags: 0
  m_Script: {fileID: 11500000, guid: 1ad0e82e2784da64e9d0a17cff36f463, type: 3}
  m_Name: 
  m_EditorClassIdentifier: 
  definition: {fileID: 11400000, guid: 33e79eae8855a4f4f92d6770e86e1f39, type: 2}
--- !u!114 &114459571175946246
MonoBehaviour:
  m_ObjectHideFlags: 1
  m_CorrespondingSourceObject: {fileID: 0}
  m_PrefabInternal: {fileID: 100100000}
  m_GameObject: {fileID: 1557004021369170}
  m_Enabled: 1
  m_EditorHideFlags: 0
  m_Script: {fileID: 11500000, guid: dad948f5cfe9e471f834f16f6314f51b, type: 3}
  m_Name: 
  m_EditorClassIdentifier: 
  m_Material: {fileID: 0}
  m_Color: {r: 1, g: 1, b: 1, a: 1}
  m_RaycastTarget: 1
  m_OnCullStateChanged:
    m_PersistentCalls:
      m_Calls: []
    m_TypeName: UnityEngine.UI.MaskableGraphic+CullStateChangedEvent, UnityEngine.UI,
      Version=1.0.0.0, Culture=neutral, PublicKeyToken=null
  m_Texture: {fileID: 2800000, guid: c76e7c5ad3d1f7a48a59971d73695917, type: 3}
  m_UVRect:
    serializedVersion: 2
    x: 0
    y: 0
    width: 1
    height: 1
  m_cornerOffsetTL: {x: -8.205846, y: 6.769174, z: 0}
  m_cornerOffsetTR: {x: 4.046116, y: -7.1682425, z: 0}
  m_cornerOffsetBR: {x: -67.39381, y: 30.976294, z: 0}
  m_cornerOffsetBL: {x: -0.35305443, y: -5.0714784, z: 0}
  m_numSubdivisions: 15
  m_bezierEdges: 1
  m_topBezierHandleA: {x: 127.21406, y: 4.7062297, z: 0}
  m_topBezierHandleB: {x: -176.04704, y: -29.541477, z: 0}
  m_leftBezierHandleA: {x: 7.3203177, y: 115.387505, z: 0}
  m_leftBezierHandleB: {x: 18.38054, y: -117.64235, z: 0}
  m_rightBezierHandleA: {x: 53.53753, y: -115.65362, z: 0}
  m_rightBezierHandleB: {x: 115.25492, y: 81.47076, z: 0}
  m_bottomBezierHandleA: {x: -139.42, y: 0, z: 0}
  m_bottomBezierHandleB: {x: 139.42, y: 0, z: 0}
  m_cropLeft: 0
  m_cropRight: 0
  m_cropTop: 0
  m_cropBottom: 0
  m_warpManager:
    m_width: 418.26
    m_height: 418.26
    m_preWarpWidth: 418.26
    m_preWarpHeight: 418.26
  m_initialised: 1
--- !u!114 &114467584766075162
MonoBehaviour:
  m_ObjectHideFlags: 1
  m_CorrespondingSourceObject: {fileID: 0}
  m_PrefabInternal: {fileID: 100100000}
  m_GameObject: {fileID: 1306982076139284}
  m_Enabled: 1
  m_EditorHideFlags: 0
  m_Script: {fileID: 11500000, guid: 058d5d5bcb8e40c41b37a4260b3a646b, type: 3}
  m_Name: 
  m_EditorClassIdentifier: 
  definition: {fileID: 11400000, guid: 6386ca722a442744b8f0f59709876820, type: 2}
--- !u!114 &114470153966114604
MonoBehaviour:
  m_ObjectHideFlags: 1
  m_CorrespondingSourceObject: {fileID: 0}
  m_PrefabInternal: {fileID: 100100000}
  m_GameObject: {fileID: 1225973988352822}
  m_Enabled: 1
  m_EditorHideFlags: 0
  m_Script: {fileID: 11500000, guid: bfb3d9f5627063b42af334004ce3b518, type: 3}
  m_Name: 
  m_EditorClassIdentifier: 
  definition: {fileID: 11400000, guid: 6457e0b13ffa71642adb8fe82c4e5bb3, type: 2}
  details:
  - {fileID: 114905353613353726}
  - {fileID: 114472094950202508}
  - {fileID: 114322412900496994}
  - {fileID: 114711496373530114}
--- !u!114 &114472094950202508
MonoBehaviour:
  m_ObjectHideFlags: 1
  m_CorrespondingSourceObject: {fileID: 0}
  m_PrefabInternal: {fileID: 100100000}
  m_GameObject: {fileID: 1934526227892392}
  m_Enabled: 1
  m_EditorHideFlags: 0
  m_Script: {fileID: 11500000, guid: 1ad0e82e2784da64e9d0a17cff36f463, type: 3}
  m_Name: 
  m_EditorClassIdentifier: 
  definition: {fileID: 11400000, guid: 51d78d0c8f96f694f991b36f14f73d0e, type: 2}
--- !u!114 &114474042400604768
MonoBehaviour:
  m_ObjectHideFlags: 1
  m_CorrespondingSourceObject: {fileID: 0}
  m_PrefabInternal: {fileID: 100100000}
  m_GameObject: {fileID: 1225973988352822}
  m_Enabled: 1
  m_EditorHideFlags: 0
  m_Script: {fileID: 11500000, guid: f71ecb563dd20f645b0b4856644218c4, type: 3}
  m_Name: 
  m_EditorClassIdentifier: 
  definition: {fileID: 11400000, guid: 9e46194febd25824898ae337467afe63, type: 2}
  pins:
  - {fileID: 114281394421749972}
  - {fileID: 114476022147162190}
--- !u!114 &114476022147162190
MonoBehaviour:
  m_ObjectHideFlags: 1
  m_CorrespondingSourceObject: {fileID: 0}
  m_PrefabInternal: {fileID: 100100000}
  m_GameObject: {fileID: 1830108906271468}
  m_Enabled: 1
  m_EditorHideFlags: 0
  m_Script: {fileID: 11500000, guid: 93e31882dbb591841b6b2e9e979191f4, type: 3}
  m_Name: 
  m_EditorClassIdentifier: 
  forSocketHole: {fileID: 11400000, guid: cd81302b1868658448d5886b6d02a4d3, type: 2}
  parentPlug: {fileID: 114474042400604768}
  currentSocketHole: {fileID: 0}
  hole: {fileID: 0}
--- !u!114 &114495623657410316
MonoBehaviour:
  m_ObjectHideFlags: 1
  m_CorrespondingSourceObject: {fileID: 0}
  m_PrefabInternal: {fileID: 100100000}
  m_GameObject: {fileID: 1025615507400008}
  m_Enabled: 1
  m_EditorHideFlags: 0
  m_Script: {fileID: 11500000, guid: 058d5d5bcb8e40c41b37a4260b3a646b, type: 3}
  m_Name: 
  m_EditorClassIdentifier: 
  definition: {fileID: 11400000, guid: 0f4b369c474289b4393ed59683368142, type: 2}
--- !u!114 &114543059960759394
MonoBehaviour:
  m_ObjectHideFlags: 1
  m_CorrespondingSourceObject: {fileID: 0}
  m_PrefabInternal: {fileID: 100100000}
  m_GameObject: {fileID: 1321616107634658}
  m_Enabled: 1
  m_EditorHideFlags: 0
  m_Script: {fileID: 11500000, guid: 058d5d5bcb8e40c41b37a4260b3a646b, type: 3}
  m_Name: 
  m_EditorClassIdentifier: 
  definition: {fileID: 11400000, guid: 1818ae381e8e742469b15cdc08465337, type: 2}
--- !u!114 &114600908136164618
MonoBehaviour:
  m_ObjectHideFlags: 1
  m_CorrespondingSourceObject: {fileID: 0}
  m_PrefabInternal: {fileID: 100100000}
  m_GameObject: {fileID: 1793939373243050}
  m_Enabled: 1
  m_EditorHideFlags: 0
  m_Script: {fileID: 11500000, guid: 058d5d5bcb8e40c41b37a4260b3a646b, type: 3}
  m_Name: 
  m_EditorClassIdentifier: 
  definition: {fileID: 11400000, guid: d90142c14ab237246a722335a665d710, type: 2}
--- !u!114 &114658275783060720
MonoBehaviour:
  m_ObjectHideFlags: 1
  m_CorrespondingSourceObject: {fileID: 0}
  m_PrefabInternal: {fileID: 100100000}
  m_GameObject: {fileID: 1468380265407350}
  m_Enabled: 1
  m_EditorHideFlags: 0
  m_Script: {fileID: -765806418, guid: f70555f144d8491a825f0804e09c671c, type: 3}
  m_Name: 
  m_EditorClassIdentifier: 
  m_Material: {fileID: 0}
  m_Color: {r: 1, g: 1, b: 1, a: 1}
  m_RaycastTarget: 1
  m_OnCullStateChanged:
    m_PersistentCalls:
      m_Calls: []
    m_TypeName: UnityEngine.UI.MaskableGraphic+CullStateChangedEvent, UnityEngine.UI,
      Version=1.0.0.0, Culture=neutral, PublicKeyToken=null
  m_Sprite: {fileID: 21300010, guid: d62d09b3dc15f544d8fa781eb1018e39, type: 3}
  m_Type: 0
  m_PreserveAspect: 0
  m_FillCenter: 1
  m_FillMethod: 4
  m_FillAmount: 1
  m_FillClockwise: 1
  m_FillOrigin: 0
--- !u!114 &114711496373530114
MonoBehaviour:
  m_ObjectHideFlags: 1
  m_CorrespondingSourceObject: {fileID: 0}
  m_PrefabInternal: {fileID: 100100000}
  m_GameObject: {fileID: 1994056168721536}
  m_Enabled: 1
  m_EditorHideFlags: 0
  m_Script: {fileID: 11500000, guid: 1ad0e82e2784da64e9d0a17cff36f463, type: 3}
  m_Name: 
  m_EditorClassIdentifier: 
  definition: {fileID: 11400000, guid: 8fe2d3575318bd948a5f147255e26252, type: 2}
--- !u!114 &114717470559578512
MonoBehaviour:
  m_ObjectHideFlags: 1
  m_CorrespondingSourceObject: {fileID: 0}
  m_PrefabInternal: {fileID: 100100000}
  m_GameObject: {fileID: 1797927067336976}
  m_Enabled: 1
  m_EditorHideFlags: 0
  m_Script: {fileID: 11500000, guid: dad948f5cfe9e471f834f16f6314f51b, type: 3}
  m_Name: 
  m_EditorClassIdentifier: 
  m_Material: {fileID: 0}
  m_Color: {r: 1, g: 1, b: 1, a: 1}
  m_RaycastTarget: 1
  m_OnCullStateChanged:
    m_PersistentCalls:
      m_Calls: []
    m_TypeName: UnityEngine.UI.MaskableGraphic+CullStateChangedEvent, UnityEngine.UI,
      Version=1.0.0.0, Culture=neutral, PublicKeyToken=null
  m_Texture: {fileID: 2800000, guid: c76e7c5ad3d1f7a48a59971d73695917, type: 3}
  m_UVRect:
    serializedVersion: 2
    x: 0
    y: 0
    width: 1
    height: 1
  m_cornerOffsetTL: {x: -8.205846, y: 6.769174, z: 0}
  m_cornerOffsetTR: {x: 4.046116, y: -7.1682425, z: 0}
  m_cornerOffsetBR: {x: -67.39381, y: 30.976294, z: 0}
  m_cornerOffsetBL: {x: -0.35305443, y: -5.0714784, z: 0}
  m_numSubdivisions: 15
  m_bezierEdges: 1
  m_topBezierHandleA: {x: 127.21406, y: 4.7062297, z: 0}
  m_topBezierHandleB: {x: -176.04704, y: -29.541477, z: 0}
  m_leftBezierHandleA: {x: 7.3203177, y: 115.387505, z: 0}
  m_leftBezierHandleB: {x: 18.38054, y: -117.64235, z: 0}
  m_rightBezierHandleA: {x: 53.53753, y: -115.65362, z: 0}
  m_rightBezierHandleB: {x: 115.25492, y: 81.47076, z: 0}
  m_bottomBezierHandleA: {x: -139.42, y: 0, z: 0}
  m_bottomBezierHandleB: {x: 139.42, y: 0, z: 0}
  m_cropLeft: 0
  m_cropRight: 0
  m_cropTop: 0
  m_cropBottom: 0
  m_warpManager:
    m_width: 418.26
    m_height: 418.26
    m_preWarpWidth: 418.26
    m_preWarpHeight: 418.26
  m_initialised: 1
--- !u!114 &114807092137248690
MonoBehaviour:
  m_ObjectHideFlags: 1
  m_CorrespondingSourceObject: {fileID: 0}
  m_PrefabInternal: {fileID: 100100000}
  m_GameObject: {fileID: 1994056168721536}
  m_Enabled: 1
  m_EditorHideFlags: 0
  m_Script: {fileID: 11500000, guid: dad948f5cfe9e471f834f16f6314f51b, type: 3}
  m_Name: 
  m_EditorClassIdentifier: 
  m_Material: {fileID: 0}
  m_Color: {r: 1, g: 1, b: 1, a: 1}
  m_RaycastTarget: 1
  m_OnCullStateChanged:
    m_PersistentCalls:
      m_Calls: []
    m_TypeName: UnityEngine.UI.MaskableGraphic+CullStateChangedEvent, UnityEngine.UI,
      Version=1.0.0.0, Culture=neutral, PublicKeyToken=null
  m_Texture: {fileID: 2800000, guid: c76e7c5ad3d1f7a48a59971d73695917, type: 3}
  m_UVRect:
    serializedVersion: 2
    x: 0
    y: 0
    width: 1
    height: 1
  m_cornerOffsetTL: {x: -8.205846, y: 6.769174, z: 0}
  m_cornerOffsetTR: {x: 4.046116, y: -7.1682425, z: 0}
  m_cornerOffsetBR: {x: -67.39381, y: 30.976294, z: 0}
  m_cornerOffsetBL: {x: -0.35305443, y: -5.0714784, z: 0}
  m_numSubdivisions: 15
  m_bezierEdges: 1
  m_topBezierHandleA: {x: 127.21406, y: 4.7062297, z: 0}
  m_topBezierHandleB: {x: -176.04704, y: -29.541477, z: 0}
  m_leftBezierHandleA: {x: 7.3203177, y: 115.387505, z: 0}
  m_leftBezierHandleB: {x: 18.38054, y: -117.64235, z: 0}
  m_rightBezierHandleA: {x: 53.53753, y: -115.65362, z: 0}
  m_rightBezierHandleB: {x: 115.25492, y: 81.47076, z: 0}
  m_bottomBezierHandleA: {x: -139.42, y: 0, z: 0}
  m_bottomBezierHandleB: {x: 139.42, y: 0, z: 0}
  m_cropLeft: 0
  m_cropRight: 0
  m_cropTop: 0
  m_cropBottom: 0
  m_warpManager:
    m_width: 418.26
    m_height: 418.26
    m_preWarpWidth: 418.26
    m_preWarpHeight: 418.26
  m_initialised: 1
--- !u!114 &114817656483074716
MonoBehaviour:
  m_ObjectHideFlags: 1
  m_CorrespondingSourceObject: {fileID: 0}
  m_PrefabInternal: {fileID: 100100000}
  m_GameObject: {fileID: 1225973988352822}
  m_Enabled: 1
  m_EditorHideFlags: 0
  m_Script: {fileID: 11500000, guid: ef84d39d9355da54db7e3934aeb9b62c, type: 3}
  m_Name: 
  m_EditorClassIdentifier: 
  definition: {fileID: 11400000, guid: f21242a333220374fbcbb544916d5bcc, type: 2}
  holes:
  - {fileID: 114543059960759394}
  - {fileID: 114495623657410316}
--- !u!114 &114839446449534472
MonoBehaviour:
  m_ObjectHideFlags: 1
  m_CorrespondingSourceObject: {fileID: 0}
  m_PrefabInternal: {fileID: 100100000}
  m_GameObject: {fileID: 1225973988352822}
  m_Enabled: 1
  m_EditorHideFlags: 0
  m_Script: {fileID: 11500000, guid: ef84d39d9355da54db7e3934aeb9b62c, type: 3}
  m_Name: 
  m_EditorClassIdentifier: 
  definition: {fileID: 11400000, guid: 8490cbad31a6ec14e958b1a367986089, type: 2}
  holes:
  - {fileID: 114600908136164618}
--- !u!114 &114905353613353726
MonoBehaviour:
  m_ObjectHideFlags: 1
  m_CorrespondingSourceObject: {fileID: 0}
  m_PrefabInternal: {fileID: 100100000}
  m_GameObject: {fileID: 1797927067336976}
  m_Enabled: 1
  m_EditorHideFlags: 0
  m_Script: {fileID: 11500000, guid: 1ad0e82e2784da64e9d0a17cff36f463, type: 3}
  m_Name: 
  m_EditorClassIdentifier: 
  definition: {fileID: 11400000, guid: d631fc8dfde8c11459469a63a710a9fd, type: 2}
--- !u!114 &114942730314508458
MonoBehaviour:
  m_ObjectHideFlags: 1
  m_CorrespondingSourceObject: {fileID: 0}
  m_PrefabInternal: {fileID: 100100000}
  m_GameObject: {fileID: 1225973988352822}
  m_Enabled: 1
  m_EditorHideFlags: 0
  m_Script: {fileID: 11500000, guid: ef84d39d9355da54db7e3934aeb9b62c, type: 3}
  m_Name: 
  m_EditorClassIdentifier: 
  definition: {fileID: 11400000, guid: f9a6178919f68cf4eaaeb3c00ad7bee7, type: 2}
  holes:
  - {fileID: 114969251710418570}
--- !u!114 &114969251710418570
MonoBehaviour:
  m_ObjectHideFlags: 1
  m_CorrespondingSourceObject: {fileID: 0}
  m_PrefabInternal: {fileID: 100100000}
  m_GameObject: {fileID: 1939742023852520}
  m_Enabled: 1
  m_EditorHideFlags: 0
  m_Script: {fileID: 11500000, guid: 058d5d5bcb8e40c41b37a4260b3a646b, type: 3}
  m_Name: 
  m_EditorClassIdentifier: 
  definition: {fileID: 11400000, guid: 9ca8ccfb5b6d8aa4093c2eee335dd629, type: 2}
--- !u!222 &222173709869440278
CanvasRenderer:
  m_ObjectHideFlags: 1
  m_CorrespondingSourceObject: {fileID: 0}
  m_PrefabInternal: {fileID: 100100000}
  m_GameObject: {fileID: 1557004021369170}
  m_CullTransparentMesh: 0
--- !u!222 &222660902909684314
CanvasRenderer:
  m_ObjectHideFlags: 1
  m_CorrespondingSourceObject: {fileID: 0}
  m_PrefabInternal: {fileID: 100100000}
  m_GameObject: {fileID: 1468380265407350}
  m_CullTransparentMesh: 0
--- !u!222 &222714325288180486
CanvasRenderer:
  m_ObjectHideFlags: 1
  m_CorrespondingSourceObject: {fileID: 0}
  m_PrefabInternal: {fileID: 100100000}
  m_GameObject: {fileID: 1797927067336976}
  m_CullTransparentMesh: 0
--- !u!222 &222765937998572206
CanvasRenderer:
  m_ObjectHideFlags: 1
  m_CorrespondingSourceObject: {fileID: 0}
  m_PrefabInternal: {fileID: 100100000}
  m_GameObject: {fileID: 1994056168721536}
  m_CullTransparentMesh: 0
--- !u!222 &222868823133622972
CanvasRenderer:
  m_ObjectHideFlags: 1
  m_CorrespondingSourceObject: {fileID: 0}
  m_PrefabInternal: {fileID: 100100000}
  m_GameObject: {fileID: 1934526227892392}
  m_CullTransparentMesh: 0
--- !u!224 &224036466889457226
RectTransform:
  m_ObjectHideFlags: 1
  m_CorrespondingSourceObject: {fileID: 0}
  m_PrefabInternal: {fileID: 100100000}
  m_GameObject: {fileID: 1994056168721536}
  m_LocalRotation: {x: -0, y: -0, z: 0.047803536, w: -0.99885684}
  m_LocalPosition: {x: 0, y: 0, z: 0}
  m_LocalScale: {x: 1.0925001, y: 1.0925001, z: 1.0925001}
  m_Children: []
  m_Father: {fileID: 224206205577766270}
  m_RootOrder: 9
  m_LocalEulerAnglesHint: {x: 0, y: 0, z: -5.4800005}
  m_AnchorMin: {x: 0.5, y: 0.5}
  m_AnchorMax: {x: 0.5, y: 0.5}
  m_AnchoredPosition: {x: -2.9999352, y: 8.999976}
  m_SizeDelta: {x: 418.26, y: 418.26}
  m_Pivot: {x: 0.5, y: 0.5}
--- !u!224 &224110553048756226
RectTransform:
  m_ObjectHideFlags: 1
  m_CorrespondingSourceObject: {fileID: 0}
  m_PrefabInternal: {fileID: 100100000}
  m_GameObject: {fileID: 1793939373243050}
  m_LocalRotation: {x: -0, y: -0, z: 0.03703617, w: 0.99931395}
  m_LocalPosition: {x: 0, y: 0, z: 0}
  m_LocalScale: {x: 0.44935116, y: 0.44935116, z: 0.44935116}
  m_Children: []
  m_Father: {fileID: 224206205577766270}
  m_RootOrder: 4
  m_LocalEulerAnglesHint: {x: 0, y: 0, z: 4.2450004}
  m_AnchorMin: {x: 0.5, y: 0.5}
  m_AnchorMax: {x: 0.5, y: 0.5}
  m_AnchoredPosition: {x: 49.8, y: 8.6}
  m_SizeDelta: {x: 100, y: 100}
  m_Pivot: {x: 0.5, y: 0.5}
--- !u!224 &224163492896301730
RectTransform:
  m_ObjectHideFlags: 1
  m_CorrespondingSourceObject: {fileID: 0}
  m_PrefabInternal: {fileID: 100100000}
  m_GameObject: {fileID: 1306982076139284}
  m_LocalRotation: {x: -0, y: -0, z: -0.69381016, w: 0.720158}
  m_LocalPosition: {x: 0, y: 0, z: 0}
  m_LocalScale: {x: 0.36984926, y: 0.36984926, z: 0.3698491}
  m_Children: []
  m_Father: {fileID: 224206205577766270}
  m_RootOrder: 6
  m_LocalEulerAnglesHint: {x: 0, y: 0, z: -87.865005}
  m_AnchorMin: {x: 0.5, y: 0.5}
  m_AnchorMax: {x: 0.5, y: 0.5}
  m_AnchoredPosition: {x: -30.8, y: 63.2}
  m_SizeDelta: {x: 100, y: 100}
  m_Pivot: {x: 0.5, y: 0.5}
--- !u!224 &224201635357452494
RectTransform:
  m_ObjectHideFlags: 1
  m_CorrespondingSourceObject: {fileID: 0}
  m_PrefabInternal: {fileID: 100100000}
  m_GameObject: {fileID: 1797927067336976}
  m_LocalRotation: {x: -0, y: -0, z: 0.047803536, w: -0.99885684}
  m_LocalPosition: {x: 0, y: 0, z: 0}
  m_LocalScale: {x: 1.0925, y: 1.0925, z: 1.0925}
  m_Children: []
  m_Father: {fileID: 224440631413412992}
  m_RootOrder: 0
  m_LocalEulerAnglesHint: {x: 0, y: 0, z: -5.4800005}
  m_AnchorMin: {x: 0.5, y: 0.5}
  m_AnchorMax: {x: 0.5, y: 0.5}
  m_AnchoredPosition: {x: -3, y: 9}
  m_SizeDelta: {x: 418.26, y: 418.26}
  m_Pivot: {x: 0.5, y: 0.5}
--- !u!224 &224206205577766270
RectTransform:
  m_ObjectHideFlags: 1
  m_CorrespondingSourceObject: {fileID: 0}
  m_PrefabInternal: {fileID: 100100000}
  m_GameObject: {fileID: 1830108906271468}
  m_LocalRotation: {x: 0, y: 0, z: 0, w: 1}
  m_LocalPosition: {x: 0, y: 0, z: 0}
  m_LocalScale: {x: 1, y: 1, z: 1}
  m_Children:
  - {fileID: 224347400405821454}
  - {fileID: 224285905308490706}
  - {fileID: 224933090003497656}
  - {fileID: 224772924013284362}
  - {fileID: 224110553048756226}
  - {fileID: 224504049982076648}
  - {fileID: 224163492896301730}
  - {fileID: 224235420510135798}
  - {fileID: 224709734488503608}
  - {fileID: 224036466889457226}
  m_Father: {fileID: 224625686837928752}
  m_RootOrder: 1
  m_LocalEulerAnglesHint: {x: 0, y: 0, z: 0}
  m_AnchorMin: {x: 0.5, y: 0.5}
  m_AnchorMax: {x: 0.5, y: 0.5}
  m_AnchoredPosition: {x: 0, y: 0}
  m_SizeDelta: {x: 100, y: 100}
  m_Pivot: {x: 0.5, y: 0.5}
--- !u!224 &224235420510135798
RectTransform:
  m_ObjectHideFlags: 1
  m_CorrespondingSourceObject: {fileID: 0}
  m_PrefabInternal: {fileID: 100100000}
  m_GameObject: {fileID: 1641164579040746}
  m_LocalRotation: {x: -0, y: -0, z: -0.69381016, w: 0.720158}
  m_LocalPosition: {x: 0, y: 0, z: 0}
  m_LocalScale: {x: 0.36984926, y: 0.36984926, z: 0.3698491}
  m_Children: []
  m_Father: {fileID: 224206205577766270}
  m_RootOrder: 7
  m_LocalEulerAnglesHint: {x: 0, y: 0, z: -87.865005}
  m_AnchorMin: {x: 0.5, y: 0.5}
  m_AnchorMax: {x: 0.5, y: 0.5}
  m_AnchoredPosition: {x: 39.598892, y: 68.998634}
  m_SizeDelta: {x: 100, y: 100}
  m_Pivot: {x: 0.5, y: 0.5}
--- !u!224 &224285905308490706
RectTransform:
  m_ObjectHideFlags: 1
  m_CorrespondingSourceObject: {fileID: 0}
  m_PrefabInternal: {fileID: 100100000}
  m_GameObject: {fileID: 1468380265407350}
  m_LocalRotation: {x: -0, y: -0, z: -0.023946038, w: 0.9997133}
  m_LocalPosition: {x: 0, y: 0, z: 0}
  m_LocalScale: {x: 1.0925, y: 1.0925, z: 1.0925}
  m_Children: []
  m_Father: {fileID: 224206205577766270}
  m_RootOrder: 1
  m_LocalEulerAnglesHint: {x: 0, y: 0, z: -2.7440002}
  m_AnchorMin: {x: 0.5, y: 0.5}
  m_AnchorMax: {x: 0.5, y: 0.5}
  m_AnchoredPosition: {x: 10.3, y: 67.4}
  m_SizeDelta: {x: 202.47, y: 202.47}
  m_Pivot: {x: 0.5, y: 0.5}
--- !u!224 &224347400405821454
RectTransform:
  m_ObjectHideFlags: 1
  m_CorrespondingSourceObject: {fileID: 0}
  m_PrefabInternal: {fileID: 100100000}
  m_GameObject: {fileID: 1934526227892392}
  m_LocalRotation: {x: -0, y: -0, z: 0.047803536, w: -0.99885684}
  m_LocalPosition: {x: 0, y: 0, z: 0}
  m_LocalScale: {x: 1.0925001, y: 1.0925001, z: 1.0925001}
  m_Children: []
  m_Father: {fileID: 224206205577766270}
  m_RootOrder: 0
  m_LocalEulerAnglesHint: {x: 0, y: 0, z: -5.4800005}
  m_AnchorMin: {x: 0.5, y: 0.5}
  m_AnchorMax: {x: 0.5, y: 0.5}
  m_AnchoredPosition: {x: -2.9999352, y: 8.999915}
  m_SizeDelta: {x: 418.26, y: 418.26}
  m_Pivot: {x: 0.5, y: 0.5}
--- !u!224 &224440631413412992
RectTransform:
  m_ObjectHideFlags: 1
  m_CorrespondingSourceObject: {fileID: 0}
  m_PrefabInternal: {fileID: 100100000}
  m_GameObject: {fileID: 1812314444297626}
  m_LocalRotation: {x: 0, y: 0, z: 0, w: 1}
  m_LocalPosition: {x: 0, y: 0, z: 0}
  m_LocalScale: {x: 1, y: 1, z: 1}
  m_Children:
  - {fileID: 224201635357452494}
  m_Father: {fileID: 224625686837928752}
  m_RootOrder: 0
  m_LocalEulerAnglesHint: {x: 0, y: 0, z: 0}
  m_AnchorMin: {x: 0.5, y: 0.5}
  m_AnchorMax: {x: 0.5, y: 0.5}
  m_AnchoredPosition: {x: 0, y: 0}
  m_SizeDelta: {x: 100, y: 100}
  m_Pivot: {x: 0.5, y: 0.5}
--- !u!224 &224504049982076648
RectTransform:
  m_ObjectHideFlags: 1
  m_CorrespondingSourceObject: {fileID: 0}
  m_PrefabInternal: {fileID: 100100000}
  m_GameObject: {fileID: 1557004021369170}
  m_LocalRotation: {x: -0, y: -0, z: 0.047803536, w: -0.99885684}
  m_LocalPosition: {x: 0, y: 0, z: 0}
  m_LocalScale: {x: 1.0925001, y: 1.0925001, z: 1.0925001}
  m_Children: []
  m_Father: {fileID: 224206205577766270}
  m_RootOrder: 5
  m_LocalEulerAnglesHint: {x: 0, y: 0, z: -5.4800005}
  m_AnchorMin: {x: 0.5, y: 0.5}
  m_AnchorMax: {x: 0.5, y: 0.5}
  m_AnchoredPosition: {x: -2.9999352, y: 8.999976}
  m_SizeDelta: {x: 418.26, y: 418.26}
  m_Pivot: {x: 0.5, y: 0.5}
--- !u!224 &224625686837928752
RectTransform:
  m_ObjectHideFlags: 1
  m_CorrespondingSourceObject: {fileID: 0}
  m_PrefabInternal: {fileID: 100100000}
  m_GameObject: {fileID: 1225973988352822}
  m_LocalRotation: {x: 0, y: 0, z: 0, w: 1}
  m_LocalPosition: {x: 0, y: 0, z: 0}
  m_LocalScale: {x: 1, y: 1, z: 1}
  m_Children:
  - {fileID: 224440631413412992}
  - {fileID: 224206205577766270}
  m_Father: {fileID: 0}
  m_RootOrder: 0
  m_LocalEulerAnglesHint: {x: 0, y: 0, z: 0}
  m_AnchorMin: {x: 0.5, y: 0.5}
  m_AnchorMax: {x: 0.5, y: 0.5}
  m_AnchoredPosition: {x: -2196, y: -770}
  m_SizeDelta: {x: 100, y: 100}
  m_Pivot: {x: 0.5, y: 0.5}
--- !u!224 &224709734488503608
RectTransform:
  m_ObjectHideFlags: 1
  m_CorrespondingSourceObject: {fileID: 0}
  m_PrefabInternal: {fileID: 100100000}
  m_GameObject: {fileID: 1939742023852520}
  m_LocalRotation: {x: -0, y: -0, z: -0.6339461, w: 0.77337724}
  m_LocalPosition: {x: 0, y: 0, z: 0}
  m_LocalScale: {x: 0.5268924, y: 0.5268924, z: 0.5268921}
  m_Children: []
  m_Father: {fileID: 224206205577766270}
  m_RootOrder: 8
  m_LocalEulerAnglesHint: {x: 0, y: 0, z: -78.684006}
  m_AnchorMin: {x: 0.5, y: 0.5}
  m_AnchorMax: {x: 0.5, y: 0.5}
  m_AnchoredPosition: {x: 43.2, y: 51.5}
  m_SizeDelta: {x: 100, y: 100}
  m_Pivot: {x: 0.5, y: 0.5}
--- !u!224 &224772924013284362
RectTransform:
  m_ObjectHideFlags: 1
  m_CorrespondingSourceObject: {fileID: 0}
  m_PrefabInternal: {fileID: 100100000}
  m_GameObject: {fileID: 1025615507400008}
  m_LocalRotation: {x: -0, y: -0, z: 0.018630741, w: 0.99982643}
  m_LocalPosition: {x: 0, y: 0, z: 0}
  m_LocalScale: {x: 0.26271936, y: 0.333542, z: 0.333542}
  m_Children: []
  m_Father: {fileID: 224206205577766270}
  m_RootOrder: 3
  m_LocalEulerAnglesHint: {x: 0, y: 0, z: 2.135}
  m_AnchorMin: {x: 0.5, y: 0.5}
  m_AnchorMax: {x: 0.5, y: 0.5}
  m_AnchoredPosition: {x: 59.00879, y: 74.87059}
  m_SizeDelta: {x: 100, y: 100}
  m_Pivot: {x: 0.5, y: 0.5}
--- !u!224 &224933090003497656
RectTransform:
  m_ObjectHideFlags: 1
  m_CorrespondingSourceObject: {fileID: 0}
  m_PrefabInternal: {fileID: 100100000}
  m_GameObject: {fileID: 1321616107634658}
  m_LocalRotation: {x: -0, y: -0, z: 0.018630741, w: 0.99982643}
  m_LocalPosition: {x: 0, y: 0, z: 0}
  m_LocalScale: {x: 0.333542, y: 0.333542, z: 0.333542}
  m_Children: []
  m_Father: {fileID: 224206205577766270}
  m_RootOrder: 2
  m_LocalEulerAnglesHint: {x: 0, y: 0, z: 2.135}
  m_AnchorMin: {x: 0.5, y: 0.5}
  m_AnchorMax: {x: 0.5, y: 0.5}
  m_AnchoredPosition: {x: 14.2, y: 73.2}
  m_SizeDelta: {x: 100, y: 100}
  m_Pivot: {x: 0.5, y: 0.5}
