%YAML 1.1
%TAG !u! tag:unity3d.com,2011:
--- !u!1001 &100100000
Prefab:
  m_ObjectHideFlags: 1
  serializedVersion: 2
  m_Modification:
    m_TransformParent: {fileID: 0}
    m_Modifications: []
    m_RemovedComponents: []
  m_SourcePrefab: {fileID: 0}
  m_RootGameObject: {fileID: 1938255003764776}
  m_IsPrefabAsset: 1
--- !u!1 &1042095053095834
GameObject:
  m_ObjectHideFlags: 0
  m_CorrespondingSourceObject: {fileID: 0}
  m_PrefabInternal: {fileID: 100100000}
  serializedVersion: 6
  m_Component:
  - component: {fileID: 224674338815014098}
  - component: {fileID: 114839534963440064}
  m_Layer: 0
  m_Name: '- PIN Head back'
  m_TagString: Untagged
  m_Icon: {fileID: 0}
  m_NavMeshLayer: 0
  m_StaticEditorFlags: 0
  m_IsActive: 1
--- !u!1 &1048405186037138
GameObject:
  m_ObjectHideFlags: 1
  m_CorrespondingSourceObject: {fileID: 0}
  m_PrefabInternal: {fileID: 100100000}
  serializedVersion: 6
  m_Component:
  - component: {fileID: 224996023187983424}
  - component: {fileID: 114912380131128904}
  - component: {fileID: 222784244267721212}
  - component: {fileID: 114131995192124248}
  m_Layer: 0
  m_Name: '* DETAIL Hair 2 Behind Ear'
  m_TagString: Untagged
  m_Icon: {fileID: 0}
  m_NavMeshLayer: 0
  m_StaticEditorFlags: 0
  m_IsActive: 1
--- !u!1 &1099363314674858
GameObject:
  m_ObjectHideFlags: 1
  m_CorrespondingSourceObject: {fileID: 0}
  m_PrefabInternal: {fileID: 100100000}
  serializedVersion: 6
  m_Component:
  - component: {fileID: 224593959097633306}
  - component: {fileID: 114912276184391482}
  m_Layer: 0
  m_Name: . HOLE Eyes Left
  m_TagString: Untagged
  m_Icon: {fileID: 0}
  m_NavMeshLayer: 0
  m_StaticEditorFlags: 0
  m_IsActive: 1
--- !u!1 &1374841268436496
GameObject:
  m_ObjectHideFlags: 1
  m_CorrespondingSourceObject: {fileID: 0}
  m_PrefabInternal: {fileID: 100100000}
  serializedVersion: 6
  m_Component:
  - component: {fileID: 224582543786858718}
  - component: {fileID: 222737437872184900}
  - component: {fileID: 114288783738704294}
  m_Layer: 0
  m_Name: HEAD Sprite
  m_TagString: Untagged
  m_Icon: {fileID: 0}
  m_NavMeshLayer: 0
  m_StaticEditorFlags: 0
  m_IsActive: 1
--- !u!1 &1399633780241638
GameObject:
  m_ObjectHideFlags: 1
  m_CorrespondingSourceObject: {fileID: 0}
  m_PrefabInternal: {fileID: 100100000}
  serializedVersion: 6
  m_Component:
  - component: {fileID: 224202418594800396}
  - component: {fileID: 114505496966067034}
  m_Layer: 0
  m_Name: . HOLE Eyes Right
  m_TagString: Untagged
  m_Icon: {fileID: 0}
  m_NavMeshLayer: 0
  m_StaticEditorFlags: 0
  m_IsActive: 1
--- !u!1 &1405493314410238
GameObject:
  m_ObjectHideFlags: 0
  m_CorrespondingSourceObject: {fileID: 0}
  m_PrefabInternal: {fileID: 100100000}
  serializedVersion: 6
  m_Component:
  - component: {fileID: 224741242974811148}
  - component: {fileID: 114908821233633522}
  m_Layer: 0
  m_Name: '- PIN Head front'
  m_TagString: Untagged
  m_Icon: {fileID: 0}
  m_NavMeshLayer: 0
  m_StaticEditorFlags: 0
  m_IsActive: 1
--- !u!1 &1441960432310230
GameObject:
  m_ObjectHideFlags: 1
  m_CorrespondingSourceObject: {fileID: 0}
  m_PrefabInternal: {fileID: 100100000}
  serializedVersion: 6
  m_Component:
  - component: {fileID: 224024435003605286}
  - component: {fileID: 114452474741916114}
  - component: {fileID: 222607542709887580}
  - component: {fileID: 114872111475714490}
  m_Layer: 0
  m_Name: '* DETAIL Hair 4 Behind Body'
  m_TagString: Untagged
  m_Icon: {fileID: 0}
  m_NavMeshLayer: 0
  m_StaticEditorFlags: 0
  m_IsActive: 1
--- !u!1 &1469791406213630
GameObject:
  m_ObjectHideFlags: 1
  m_CorrespondingSourceObject: {fileID: 0}
  m_PrefabInternal: {fileID: 100100000}
  serializedVersion: 6
  m_Component:
  - component: {fileID: 224878635128131252}
  - component: {fileID: 114160552181295208}
  m_Layer: 0
  m_Name: . HOLE Ears Right
  m_TagString: Untagged
  m_Icon: {fileID: 0}
  m_NavMeshLayer: 0
  m_StaticEditorFlags: 0
  m_IsActive: 0
--- !u!1 &1631047641625114
GameObject:
  m_ObjectHideFlags: 1
  m_CorrespondingSourceObject: {fileID: 0}
  m_PrefabInternal: {fileID: 100100000}
  serializedVersion: 6
  m_Component:
  - component: {fileID: 224388356656525494}
  - component: {fileID: 114597676298875398}
  m_Layer: 0
  m_Name: . HOLE Mouth
  m_TagString: Untagged
  m_Icon: {fileID: 0}
  m_NavMeshLayer: 0
  m_StaticEditorFlags: 0
  m_IsActive: 1
--- !u!1 &1632002721910494
GameObject:
  m_ObjectHideFlags: 1
  m_CorrespondingSourceObject: {fileID: 0}
  m_PrefabInternal: {fileID: 100100000}
  serializedVersion: 6
  m_Component:
  - component: {fileID: 224313143230107576}
  - component: {fileID: 114129161852845744}
  m_Layer: 0
  m_Name: . HOLE Nose
  m_TagString: Untagged
  m_Icon: {fileID: 0}
  m_NavMeshLayer: 0
  m_StaticEditorFlags: 0
  m_IsActive: 1
--- !u!1 &1732478849653050
GameObject:
  m_ObjectHideFlags: 1
  m_CorrespondingSourceObject: {fileID: 0}
  m_PrefabInternal: {fileID: 100100000}
  serializedVersion: 6
  m_Component:
  - component: {fileID: 224767588041143260}
  - component: {fileID: 114276123406897282}
  m_Layer: 0
  m_Name: . HOLE Ears Left
  m_TagString: Untagged
  m_Icon: {fileID: 0}
  m_NavMeshLayer: 0
  m_StaticEditorFlags: 0
  m_IsActive: 1
--- !u!1 &1817394173606150
GameObject:
  m_ObjectHideFlags: 1
  m_CorrespondingSourceObject: {fileID: 0}
  m_PrefabInternal: {fileID: 100100000}
  serializedVersion: 6
  m_Component:
  - component: {fileID: 224727868514741026}
  - component: {fileID: 114103473359450390}
  - component: {fileID: 222760422760581012}
  - component: {fileID: 114162965609996088}
  m_Layer: 0
  m_Name: '* DETAIL Hair 3 Behind Head'
  m_TagString: Untagged
  m_Icon: {fileID: 0}
  m_NavMeshLayer: 0
  m_StaticEditorFlags: 0
  m_IsActive: 1
--- !u!1 &1895715413617958
GameObject:
  m_ObjectHideFlags: 1
  m_CorrespondingSourceObject: {fileID: 0}
  m_PrefabInternal: {fileID: 100100000}
  serializedVersion: 6
  m_Component:
  - component: {fileID: 224925009347145438}
  - component: {fileID: 114852757715290666}
  - component: {fileID: 222935954314427152}
  - component: {fileID: 114233879933551712}
  m_Layer: 0
  m_Name: '* DETAIL Hair 1 Front'
  m_TagString: Untagged
  m_Icon: {fileID: 0}
  m_NavMeshLayer: 0
  m_StaticEditorFlags: 0
  m_IsActive: 1
--- !u!1 &1938255003764776
GameObject:
  m_ObjectHideFlags: 0
  m_CorrespondingSourceObject: {fileID: 0}
  m_PrefabInternal: {fileID: 100100000}
  serializedVersion: 6
  m_Component:
  - component: {fileID: 224258140589755146}
  - component: {fileID: 114745721254547538}
  - component: {fileID: 114081731976127212}
  - component: {fileID: 114524197631796062}
  - component: {fileID: 114399007792655080}
  - component: {fileID: 114347241573429138}
  - component: {fileID: 114211547945891604}
  m_Layer: 0
  m_Name: Plug_Head_Normal
  m_TagString: Untagged
  m_Icon: {fileID: 0}
  m_NavMeshLayer: 0
  m_StaticEditorFlags: 0
  m_IsActive: 1
--- !u!114 &114081731976127212
MonoBehaviour:
  m_ObjectHideFlags: 1
  m_CorrespondingSourceObject: {fileID: 0}
  m_PrefabInternal: {fileID: 100100000}
  m_GameObject: {fileID: 1938255003764776}
  m_Enabled: 1
  m_EditorHideFlags: 0
  m_Script: {fileID: 11500000, guid: ef84d39d9355da54db7e3934aeb9b62c, type: 3}
  m_Name: 
  m_EditorClassIdentifier: 
  definition: {fileID: 11400000, guid: f21242a333220374fbcbb544916d5bcc, type: 2}
  holes:
  - {fileID: 114912276184391482}
  - {fileID: 114505496966067034}
--- !u!114 &114103473359450390
MonoBehaviour:
  m_ObjectHideFlags: 1
  m_CorrespondingSourceObject: {fileID: 0}
  m_PrefabInternal: {fileID: 100100000}
  m_GameObject: {fileID: 1817394173606150}
  m_Enabled: 1
  m_EditorHideFlags: 0
  m_Script: {fileID: 11500000, guid: 1ad0e82e2784da64e9d0a17cff36f463, type: 3}
  m_Name: 
  m_EditorClassIdentifier: 
  definition: {fileID: 11400000, guid: 51d78d0c8f96f694f991b36f14f73d0e, type: 2}
--- !u!114 &114129161852845744
MonoBehaviour:
  m_ObjectHideFlags: 1
  m_CorrespondingSourceObject: {fileID: 0}
  m_PrefabInternal: {fileID: 100100000}
  m_GameObject: {fileID: 1632002721910494}
  m_Enabled: 1
  m_EditorHideFlags: 0
  m_Script: {fileID: 11500000, guid: 058d5d5bcb8e40c41b37a4260b3a646b, type: 3}
  m_Name: 
  m_EditorClassIdentifier: 
  definition: {fileID: 11400000, guid: 9ca8ccfb5b6d8aa4093c2eee335dd629, type: 2}
--- !u!114 &114131995192124248
MonoBehaviour:
  m_ObjectHideFlags: 1
  m_CorrespondingSourceObject: {fileID: 0}
  m_PrefabInternal: {fileID: 100100000}
  m_GameObject: {fileID: 1048405186037138}
  m_Enabled: 1
  m_EditorHideFlags: 0
  m_Script: {fileID: 11500000, guid: dad948f5cfe9e471f834f16f6314f51b, type: 3}
  m_Name: 
  m_EditorClassIdentifier: 
  m_Material: {fileID: 0}
  m_Color: {r: 1, g: 1, b: 1, a: 1}
  m_RaycastTarget: 1
  m_OnCullStateChanged:
    m_PersistentCalls:
      m_Calls: []
    m_TypeName: UnityEngine.UI.MaskableGraphic+CullStateChangedEvent, UnityEngine.UI,
      Version=1.0.0.0, Culture=neutral, PublicKeyToken=null
  m_Texture: {fileID: 2800000, guid: c76e7c5ad3d1f7a48a59971d73695917, type: 3}
  m_UVRect:
    serializedVersion: 2
    x: 0
    y: 0
    width: 1
    height: 1
  m_cornerOffsetTL: {x: 0, y: 0, z: 0}
  m_cornerOffsetTR: {x: 0, y: 0, z: 0}
  m_cornerOffsetBR: {x: 0, y: 0, z: 0}
  m_cornerOffsetBL: {x: 0, y: 0, z: 0}
  m_numSubdivisions: 10
  m_bezierEdges: 0
  m_topBezierHandleA: {x: 33.333332, y: 0, z: 0}
  m_topBezierHandleB: {x: -33.333332, y: 0, z: 0}
  m_leftBezierHandleA: {x: 0, y: 33.333332, z: 0}
  m_leftBezierHandleB: {x: 0, y: -33.333332, z: 0}
  m_rightBezierHandleA: {x: 0, y: -33.333332, z: 0}
  m_rightBezierHandleB: {x: 0, y: 33.333332, z: 0}
  m_bottomBezierHandleA: {x: -33.333332, y: 0, z: 0}
  m_bottomBezierHandleB: {x: 33.333332, y: 0, z: 0}
  m_cropLeft: 0
  m_cropRight: 0
  m_cropTop: 0
  m_cropBottom: 0
  m_warpManager:
    m_width: 418.26
    m_height: 418.26
    m_preWarpWidth: 418.26
    m_preWarpHeight: 418.26
  m_initialised: 1
--- !u!114 &114160552181295208
MonoBehaviour:
  m_ObjectHideFlags: 1
  m_CorrespondingSourceObject: {fileID: 0}
  m_PrefabInternal: {fileID: 100100000}
  m_GameObject: {fileID: 1469791406213630}
  m_Enabled: 1
  m_EditorHideFlags: 0
  m_Script: {fileID: 11500000, guid: 058d5d5bcb8e40c41b37a4260b3a646b, type: 3}
  m_Name: 
  m_EditorClassIdentifier: 
  definition: {fileID: 11400000, guid: b18f215a511774242abcf678202e83ba, type: 2}
--- !u!114 &114162965609996088
MonoBehaviour:
  m_ObjectHideFlags: 1
  m_CorrespondingSourceObject: {fileID: 0}
  m_PrefabInternal: {fileID: 100100000}
  m_GameObject: {fileID: 1817394173606150}
  m_Enabled: 1
  m_EditorHideFlags: 0
  m_Script: {fileID: 11500000, guid: dad948f5cfe9e471f834f16f6314f51b, type: 3}
  m_Name: 
  m_EditorClassIdentifier: 
  m_Material: {fileID: 0}
  m_Color: {r: 1, g: 1, b: 1, a: 1}
  m_RaycastTarget: 1
  m_OnCullStateChanged:
    m_PersistentCalls:
      m_Calls: []
    m_TypeName: UnityEngine.UI.MaskableGraphic+CullStateChangedEvent, UnityEngine.UI,
      Version=1.0.0.0, Culture=neutral, PublicKeyToken=null
  m_Texture: {fileID: 2800000, guid: c76e7c5ad3d1f7a48a59971d73695917, type: 3}
  m_UVRect:
    serializedVersion: 2
    x: 0
    y: 0
    width: 1
    height: 1
  m_cornerOffsetTL: {x: 0, y: 0, z: 0}
  m_cornerOffsetTR: {x: 0, y: 0, z: 0}
  m_cornerOffsetBR: {x: 0, y: 0, z: 0}
  m_cornerOffsetBL: {x: 0, y: 0, z: 0}
  m_numSubdivisions: 10
  m_bezierEdges: 0
  m_topBezierHandleA: {x: 33.333332, y: 0, z: 0}
  m_topBezierHandleB: {x: -33.333332, y: 0, z: 0}
  m_leftBezierHandleA: {x: 0, y: 33.333332, z: 0}
  m_leftBezierHandleB: {x: 0, y: -33.333332, z: 0}
  m_rightBezierHandleA: {x: 0, y: -33.333332, z: 0}
  m_rightBezierHandleB: {x: 0, y: 33.333332, z: 0}
  m_bottomBezierHandleA: {x: -33.333332, y: 0, z: 0}
  m_bottomBezierHandleB: {x: 33.333332, y: 0, z: 0}
  m_cropLeft: 0
  m_cropRight: 0
  m_cropTop: 0
  m_cropBottom: 0
  m_warpManager:
    m_width: 418.26
    m_height: 418.26
    m_preWarpWidth: 418.26
    m_preWarpHeight: 418.26
  m_initialised: 1
--- !u!114 &114211547945891604
MonoBehaviour:
  m_ObjectHideFlags: 1
  m_CorrespondingSourceObject: {fileID: 0}
  m_PrefabInternal: {fileID: 100100000}
  m_GameObject: {fileID: 1938255003764776}
  m_Enabled: 1
  m_EditorHideFlags: 0
  m_Script: {fileID: 11500000, guid: bfb3d9f5627063b42af334004ce3b518, type: 3}
  m_Name: 
  m_EditorClassIdentifier: 
  definition: {fileID: 11400000, guid: 6457e0b13ffa71642adb8fe82c4e5bb3, type: 2}
  details:
  - {fileID: 114452474741916114}
  - {fileID: 114103473359450390}
  - {fileID: 114912380131128904}
  - {fileID: 114852757715290666}
--- !u!114 &114233879933551712
MonoBehaviour:
  m_ObjectHideFlags: 1
  m_CorrespondingSourceObject: {fileID: 0}
  m_PrefabInternal: {fileID: 100100000}
  m_GameObject: {fileID: 1895715413617958}
  m_Enabled: 1
  m_EditorHideFlags: 0
  m_Script: {fileID: 11500000, guid: dad948f5cfe9e471f834f16f6314f51b, type: 3}
  m_Name: 
  m_EditorClassIdentifier: 
  m_Material: {fileID: 0}
  m_Color: {r: 1, g: 1, b: 1, a: 1}
  m_RaycastTarget: 1
  m_OnCullStateChanged:
    m_PersistentCalls:
      m_Calls: []
    m_TypeName: UnityEngine.UI.MaskableGraphic+CullStateChangedEvent, UnityEngine.UI,
      Version=1.0.0.0, Culture=neutral, PublicKeyToken=null
  m_Texture: {fileID: 2800000, guid: c76e7c5ad3d1f7a48a59971d73695917, type: 3}
  m_UVRect:
    serializedVersion: 2
    x: 0
    y: 0
    width: 1
    height: 1
  m_cornerOffsetTL: {x: 0, y: 0, z: 0}
  m_cornerOffsetTR: {x: 0, y: 0, z: 0}
  m_cornerOffsetBR: {x: 0, y: 0, z: 0}
  m_cornerOffsetBL: {x: 0, y: 0, z: 0}
  m_numSubdivisions: 10
  m_bezierEdges: 0
  m_topBezierHandleA: {x: 33.333332, y: 0, z: 0}
  m_topBezierHandleB: {x: -33.333332, y: 0, z: 0}
  m_leftBezierHandleA: {x: 0, y: 33.333332, z: 0}
  m_leftBezierHandleB: {x: 0, y: -33.333332, z: 0}
  m_rightBezierHandleA: {x: 0, y: -33.333332, z: 0}
  m_rightBezierHandleB: {x: 0, y: 33.333332, z: 0}
  m_bottomBezierHandleA: {x: -33.333332, y: 0, z: 0}
  m_bottomBezierHandleB: {x: 33.333332, y: 0, z: 0}
  m_cropLeft: 0
  m_cropRight: 0
  m_cropTop: 0
  m_cropBottom: 0
  m_warpManager:
    m_width: 418.26
    m_height: 418.26
    m_preWarpWidth: 418.26
    m_preWarpHeight: 418.26
  m_initialised: 1
--- !u!114 &114276123406897282
MonoBehaviour:
  m_ObjectHideFlags: 1
  m_CorrespondingSourceObject: {fileID: 0}
  m_PrefabInternal: {fileID: 100100000}
  m_GameObject: {fileID: 1732478849653050}
  m_Enabled: 1
  m_EditorHideFlags: 0
  m_Script: {fileID: 11500000, guid: 058d5d5bcb8e40c41b37a4260b3a646b, type: 3}
  m_Name: 
  m_EditorClassIdentifier: 
  definition: {fileID: 11400000, guid: 6386ca722a442744b8f0f59709876820, type: 2}
--- !u!114 &114288783738704294
MonoBehaviour:
  m_ObjectHideFlags: 1
  m_CorrespondingSourceObject: {fileID: 0}
  m_PrefabInternal: {fileID: 100100000}
  m_GameObject: {fileID: 1374841268436496}
  m_Enabled: 1
  m_EditorHideFlags: 0
  m_Script: {fileID: -765806418, guid: f70555f144d8491a825f0804e09c671c, type: 3}
  m_Name: 
  m_EditorClassIdentifier: 
  m_Material: {fileID: 0}
  m_Color: {r: 1, g: 1, b: 1, a: 1}
  m_RaycastTarget: 1
  m_OnCullStateChanged:
    m_PersistentCalls:
      m_Calls: []
    m_TypeName: UnityEngine.UI.MaskableGraphic+CullStateChangedEvent, UnityEngine.UI,
      Version=1.0.0.0, Culture=neutral, PublicKeyToken=null
  m_Sprite: {fileID: 21300008, guid: d62d09b3dc15f544d8fa781eb1018e39, type: 3}
  m_Type: 0
  m_PreserveAspect: 0
  m_FillCenter: 1
  m_FillMethod: 4
  m_FillAmount: 1
  m_FillClockwise: 1
  m_FillOrigin: 0
--- !u!114 &114347241573429138
MonoBehaviour:
  m_ObjectHideFlags: 1
  m_CorrespondingSourceObject: {fileID: 0}
  m_PrefabInternal: {fileID: 100100000}
  m_GameObject: {fileID: 1938255003764776}
  m_Enabled: 1
  m_EditorHideFlags: 0
  m_Script: {fileID: 11500000, guid: ef84d39d9355da54db7e3934aeb9b62c, type: 3}
  m_Name: 
  m_EditorClassIdentifier: 
  definition: {fileID: 11400000, guid: f9a6178919f68cf4eaaeb3c00ad7bee7, type: 2}
  holes:
  - {fileID: 114129161852845744}
--- !u!114 &114399007792655080
MonoBehaviour:
  m_ObjectHideFlags: 1
  m_CorrespondingSourceObject: {fileID: 0}
  m_PrefabInternal: {fileID: 100100000}
  m_GameObject: {fileID: 1938255003764776}
  m_Enabled: 1
  m_EditorHideFlags: 0
  m_Script: {fileID: 11500000, guid: ef84d39d9355da54db7e3934aeb9b62c, type: 3}
  m_Name: 
  m_EditorClassIdentifier: 
  definition: {fileID: 11400000, guid: ee154207dd9877f4d9fcef82a9b18cbd, type: 2}
  holes:
  - {fileID: 114276123406897282}
  - {fileID: 114160552181295208}
--- !u!114 &114452474741916114
MonoBehaviour:
  m_ObjectHideFlags: 1
  m_CorrespondingSourceObject: {fileID: 0}
  m_PrefabInternal: {fileID: 100100000}
  m_GameObject: {fileID: 1441960432310230}
  m_Enabled: 1
  m_EditorHideFlags: 0
  m_Script: {fileID: 11500000, guid: 1ad0e82e2784da64e9d0a17cff36f463, type: 3}
  m_Name: 
  m_EditorClassIdentifier: 
  definition: {fileID: 11400000, guid: d631fc8dfde8c11459469a63a710a9fd, type: 2}
--- !u!114 &114505496966067034
MonoBehaviour:
  m_ObjectHideFlags: 1
  m_CorrespondingSourceObject: {fileID: 0}
  m_PrefabInternal: {fileID: 100100000}
  m_GameObject: {fileID: 1399633780241638}
  m_Enabled: 1
  m_EditorHideFlags: 0
  m_Script: {fileID: 11500000, guid: 058d5d5bcb8e40c41b37a4260b3a646b, type: 3}
  m_Name: 
  m_EditorClassIdentifier: 
  definition: {fileID: 11400000, guid: 0f4b369c474289b4393ed59683368142, type: 2}
--- !u!114 &114524197631796062
MonoBehaviour:
  m_ObjectHideFlags: 1
  m_CorrespondingSourceObject: {fileID: 0}
  m_PrefabInternal: {fileID: 100100000}
  m_GameObject: {fileID: 1938255003764776}
  m_Enabled: 1
  m_EditorHideFlags: 0
  m_Script: {fileID: 11500000, guid: ef84d39d9355da54db7e3934aeb9b62c, type: 3}
  m_Name: 
  m_EditorClassIdentifier: 
  definition: {fileID: 11400000, guid: 8490cbad31a6ec14e958b1a367986089, type: 2}
  holes:
  - {fileID: 114597676298875398}
--- !u!114 &114597676298875398
MonoBehaviour:
  m_ObjectHideFlags: 1
  m_CorrespondingSourceObject: {fileID: 0}
  m_PrefabInternal: {fileID: 100100000}
  m_GameObject: {fileID: 1631047641625114}
  m_Enabled: 1
  m_EditorHideFlags: 0
  m_Script: {fileID: 11500000, guid: 058d5d5bcb8e40c41b37a4260b3a646b, type: 3}
  m_Name: 
  m_EditorClassIdentifier: 
  definition: {fileID: 11400000, guid: d90142c14ab237246a722335a665d710, type: 2}
--- !u!114 &114745721254547538
MonoBehaviour:
  m_ObjectHideFlags: 1
  m_CorrespondingSourceObject: {fileID: 0}
  m_PrefabInternal: {fileID: 100100000}
  m_GameObject: {fileID: 1938255003764776}
  m_Enabled: 1
  m_EditorHideFlags: 0
  m_Script: {fileID: 11500000, guid: f71ecb563dd20f645b0b4856644218c4, type: 3}
  m_Name: 
  m_EditorClassIdentifier: 
  definition: {fileID: 11400000, guid: 4f6709207269ea0429a14700b52570e5, type: 2}
  pins:
  - {fileID: 114839534963440064}
  - {fileID: 114908821233633522}
--- !u!114 &114839534963440064
MonoBehaviour:
  m_ObjectHideFlags: 1
  m_CorrespondingSourceObject: {fileID: 0}
  m_PrefabInternal: {fileID: 100100000}
  m_GameObject: {fileID: 1042095053095834}
  m_Enabled: 1
  m_EditorHideFlags: 0
  m_Script: {fileID: 11500000, guid: 93e31882dbb591841b6b2e9e979191f4, type: 3}
  m_Name: 
  m_EditorClassIdentifier: 
  forSocketHole: {fileID: 11400000, guid: a9bf3c1b606579244b092a06c7779102, type: 2}
  parentPlug: {fileID: 114745721254547538}
  currentSocketHole: {fileID: 0}
  hole: {fileID: 0}
--- !u!114 &114852757715290666
MonoBehaviour:
  m_ObjectHideFlags: 1
  m_CorrespondingSourceObject: {fileID: 0}
  m_PrefabInternal: {fileID: 100100000}
  m_GameObject: {fileID: 1895715413617958}
  m_Enabled: 1
  m_EditorHideFlags: 0
  m_Script: {fileID: 11500000, guid: 1ad0e82e2784da64e9d0a17cff36f463, type: 3}
  m_Name: 
  m_EditorClassIdentifier: 
  definition: {fileID: 11400000, guid: 8fe2d3575318bd948a5f147255e26252, type: 2}
--- !u!114 &114872111475714490
MonoBehaviour:
  m_ObjectHideFlags: 1
  m_CorrespondingSourceObject: {fileID: 0}
  m_PrefabInternal: {fileID: 100100000}
  m_GameObject: {fileID: 1441960432310230}
  m_Enabled: 1
  m_EditorHideFlags: 0
  m_Script: {fileID: 11500000, guid: dad948f5cfe9e471f834f16f6314f51b, type: 3}
  m_Name: 
  m_EditorClassIdentifier: 
  m_Material: {fileID: 0}
  m_Color: {r: 1, g: 1, b: 1, a: 1}
  m_RaycastTarget: 1
  m_OnCullStateChanged:
    m_PersistentCalls:
      m_Calls: []
    m_TypeName: UnityEngine.UI.MaskableGraphic+CullStateChangedEvent, UnityEngine.UI,
      Version=1.0.0.0, Culture=neutral, PublicKeyToken=null
  m_Texture: {fileID: 2800000, guid: c76e7c5ad3d1f7a48a59971d73695917, type: 3}
  m_UVRect:
    serializedVersion: 2
    x: 0
    y: 0
    width: 1
    height: 1
  m_cornerOffsetTL: {x: 0, y: 0, z: 0}
  m_cornerOffsetTR: {x: 0, y: 0, z: 0}
  m_cornerOffsetBR: {x: 0, y: 0, z: 0}
  m_cornerOffsetBL: {x: 0, y: 0, z: 0}
  m_numSubdivisions: 10
  m_bezierEdges: 1
  m_topBezierHandleA: {x: 139.42, y: 0, z: 0}
  m_topBezierHandleB: {x: -139.42, y: 0, z: 0}
  m_leftBezierHandleA: {x: 0, y: 139.42, z: 0}
  m_leftBezierHandleB: {x: 0, y: -139.42, z: 0}
  m_rightBezierHandleA: {x: 0, y: -139.42, z: 0}
  m_rightBezierHandleB: {x: 0, y: 139.42, z: 0}
  m_bottomBezierHandleA: {x: -139.42, y: 0, z: 0}
  m_bottomBezierHandleB: {x: 139.42, y: 0, z: 0}
  m_cropLeft: 0
  m_cropRight: 0
  m_cropTop: 0
  m_cropBottom: 0
  m_warpManager:
    m_width: 418.26
    m_height: 418.26
    m_preWarpWidth: 418.26
    m_preWarpHeight: 418.26
  m_initialised: 1
--- !u!114 &114908821233633522
MonoBehaviour:
  m_ObjectHideFlags: 1
  m_CorrespondingSourceObject: {fileID: 0}
  m_PrefabInternal: {fileID: 100100000}
  m_GameObject: {fileID: 1405493314410238}
  m_Enabled: 1
  m_EditorHideFlags: 0
  m_Script: {fileID: 11500000, guid: 93e31882dbb591841b6b2e9e979191f4, type: 3}
  m_Name: 
  m_EditorClassIdentifier: 
  forSocketHole: {fileID: 11400000, guid: cd81302b1868658448d5886b6d02a4d3, type: 2}
  parentPlug: {fileID: 114745721254547538}
  currentSocketHole: {fileID: 0}
  hole: {fileID: 0}
--- !u!114 &114912276184391482
MonoBehaviour:
  m_ObjectHideFlags: 1
  m_CorrespondingSourceObject: {fileID: 0}
  m_PrefabInternal: {fileID: 100100000}
  m_GameObject: {fileID: 1099363314674858}
  m_Enabled: 1
  m_EditorHideFlags: 0
  m_Script: {fileID: 11500000, guid: 058d5d5bcb8e40c41b37a4260b3a646b, type: 3}
  m_Name: 
  m_EditorClassIdentifier: 
  definition: {fileID: 11400000, guid: 1818ae381e8e742469b15cdc08465337, type: 2}
--- !u!114 &114912380131128904
MonoBehaviour:
  m_ObjectHideFlags: 1
  m_CorrespondingSourceObject: {fileID: 0}
  m_PrefabInternal: {fileID: 100100000}
  m_GameObject: {fileID: 1048405186037138}
  m_Enabled: 1
  m_EditorHideFlags: 0
  m_Script: {fileID: 11500000, guid: 1ad0e82e2784da64e9d0a17cff36f463, type: 3}
  m_Name: 
  m_EditorClassIdentifier: 
  definition: {fileID: 11400000, guid: 33e79eae8855a4f4f92d6770e86e1f39, type: 2}
--- !u!222 &222607542709887580
CanvasRenderer:
  m_ObjectHideFlags: 1
  m_CorrespondingSourceObject: {fileID: 0}
  m_PrefabInternal: {fileID: 100100000}
  m_GameObject: {fileID: 1441960432310230}
  m_CullTransparentMesh: 0
--- !u!222 &222737437872184900
CanvasRenderer:
  m_ObjectHideFlags: 1
  m_CorrespondingSourceObject: {fileID: 0}
  m_PrefabInternal: {fileID: 100100000}
  m_GameObject: {fileID: 1374841268436496}
  m_CullTransparentMesh: 0
--- !u!222 &222760422760581012
CanvasRenderer:
  m_ObjectHideFlags: 1
  m_CorrespondingSourceObject: {fileID: 0}
  m_PrefabInternal: {fileID: 100100000}
  m_GameObject: {fileID: 1817394173606150}
  m_CullTransparentMesh: 0
--- !u!222 &222784244267721212
CanvasRenderer:
  m_ObjectHideFlags: 1
  m_CorrespondingSourceObject: {fileID: 0}
  m_PrefabInternal: {fileID: 100100000}
  m_GameObject: {fileID: 1048405186037138}
  m_CullTransparentMesh: 0
--- !u!222 &222935954314427152
CanvasRenderer:
  m_ObjectHideFlags: 1
  m_CorrespondingSourceObject: {fileID: 0}
  m_PrefabInternal: {fileID: 100100000}
  m_GameObject: {fileID: 1895715413617958}
  m_CullTransparentMesh: 0
--- !u!224 &224024435003605286
RectTransform:
  m_ObjectHideFlags: 1
  m_CorrespondingSourceObject: {fileID: 0}
  m_PrefabInternal: {fileID: 100100000}
  m_GameObject: {fileID: 1441960432310230}
  m_LocalRotation: {x: -0, y: -0, z: 0.047803536, w: -0.99885684}
  m_LocalPosition: {x: 0, y: 0, z: 0}
  m_LocalScale: {x: 1.15, y: 1.15, z: 1.15}
  m_Children: []
  m_Father: {fileID: 224674338815014098}
  m_RootOrder: 0
  m_LocalEulerAnglesHint: {x: 0, y: 0, z: -5.4800005}
  m_AnchorMin: {x: 0.5, y: 0.5}
  m_AnchorMax: {x: 0.5, y: 0.5}
  m_AnchoredPosition: {x: -9.8, y: -1.4}
  m_SizeDelta: {x: 418.26, y: 418.26}
  m_Pivot: {x: 0.5, y: 0.5}
--- !u!224 &224202418594800396
RectTransform:
  m_ObjectHideFlags: 1
  m_CorrespondingSourceObject: {fileID: 0}
  m_PrefabInternal: {fileID: 100100000}
  m_GameObject: {fileID: 1399633780241638}
  m_LocalRotation: {x: -0, y: -0, z: -0, w: 1}
  m_LocalPosition: {x: 0, y: 0, z: 0}
  m_LocalScale: {x: 0.2836395, y: 0.31959382, z: 0.31959382}
  m_Children: []
  m_Father: {fileID: 224741242974811148}
  m_RootOrder: 3
  m_LocalEulerAnglesHint: {x: 0, y: 0, z: 0}
  m_AnchorMin: {x: 0.5, y: 0.5}
  m_AnchorMax: {x: 0.5, y: 0.5}
  m_AnchoredPosition: {x: 61.729916, y: 56.90007}
  m_SizeDelta: {x: 100, y: 100}
  m_Pivot: {x: 0.5, y: 0.5}
--- !u!224 &224258140589755146
RectTransform:
  m_ObjectHideFlags: 1
  m_CorrespondingSourceObject: {fileID: 0}
  m_PrefabInternal: {fileID: 100100000}
  m_GameObject: {fileID: 1938255003764776}
  m_LocalRotation: {x: 0, y: 0, z: 0, w: 1}
  m_LocalPosition: {x: 0, y: 0, z: 0}
  m_LocalScale: {x: 1, y: 1, z: 1}
  m_Children:
  - {fileID: 224674338815014098}
  - {fileID: 224741242974811148}
  m_Father: {fileID: 0}
  m_RootOrder: 0
  m_LocalEulerAnglesHint: {x: 0, y: 0, z: 0}
  m_AnchorMin: {x: 0.5, y: 0.5}
  m_AnchorMax: {x: 0.5, y: 0.5}
  m_AnchoredPosition: {x: -2544, y: -777}
  m_SizeDelta: {x: 100, y: 100}
  m_Pivot: {x: 0.5, y: 0.5}
--- !u!224 &224313143230107576
RectTransform:
  m_ObjectHideFlags: 1
  m_CorrespondingSourceObject: {fileID: 0}
  m_PrefabInternal: {fileID: 100100000}
  m_GameObject: {fileID: 1632002721910494}
  m_LocalRotation: {x: -0, y: -0, z: -0.7071068, w: 0.7071068}
  m_LocalPosition: {x: 0, y: 0, z: 0}
  m_LocalScale: {x: 0.60947645, y: 0.60947645, z: 0.60947615}
  m_Children: []
  m_Father: {fileID: 224741242974811148}
  m_RootOrder: 8
  m_LocalEulerAnglesHint: {x: 0, y: 0, z: -90}
  m_AnchorMin: {x: 0.5, y: 0.5}
  m_AnchorMax: {x: 0.5, y: 0.5}
  m_AnchoredPosition: {x: 39.07489, y: 34.1}
  m_SizeDelta: {x: 100, y: 100}
  m_Pivot: {x: 0.5, y: 0.5}
--- !u!224 &224388356656525494
RectTransform:
  m_ObjectHideFlags: 1
  m_CorrespondingSourceObject: {fileID: 0}
  m_PrefabInternal: {fileID: 100100000}
  m_GameObject: {fileID: 1631047641625114}
  m_LocalRotation: {x: -0, y: -0, z: 0.018411784, w: 0.99983054}
  m_LocalPosition: {x: 0, y: 0, z: 0}
  m_LocalScale: {x: 0.49789605, y: 0.49789605, z: 0.49789605}
  m_Children: []
  m_Father: {fileID: 224741242974811148}
  m_RootOrder: 4
  m_LocalEulerAnglesHint: {x: 0, y: 0, z: 2.1100001}
  m_AnchorMin: {x: 0.5, y: 0.5}
  m_AnchorMax: {x: 0.5, y: 0.5}
  m_AnchoredPosition: {x: 38.2, y: -10.5}
  m_SizeDelta: {x: 100, y: 100}
  m_Pivot: {x: 0.5, y: 0.5}
--- !u!224 &224582543786858718
RectTransform:
  m_ObjectHideFlags: 1
  m_CorrespondingSourceObject: {fileID: 0}
  m_PrefabInternal: {fileID: 100100000}
  m_GameObject: {fileID: 1374841268436496}
  m_LocalRotation: {x: -0, y: -0, z: -0.08049838, w: 0.99675477}
  m_LocalPosition: {x: 0, y: 0, z: 0}
  m_LocalScale: {x: 1.15, y: 1.15, z: 1.15}
  m_Children: []
  m_Father: {fileID: 224741242974811148}
  m_RootOrder: 1
  m_LocalEulerAnglesHint: {x: 0, y: 0, z: -9.234}
  m_AnchorMin: {x: 0.5, y: 0.5}
  m_AnchorMax: {x: 0.5, y: 0.5}
  m_AnchoredPosition: {x: -9.80011, y: 58.17003}
  m_SizeDelta: {x: 202.47, y: 202.47}
  m_Pivot: {x: 0.5, y: 0.5}
--- !u!224 &224593959097633306
RectTransform:
  m_ObjectHideFlags: 1
  m_CorrespondingSourceObject: {fileID: 0}
  m_PrefabInternal: {fileID: 100100000}
  m_GameObject: {fileID: 1099363314674858}
  m_LocalRotation: {x: -0, y: -0, z: -0, w: 1}
  m_LocalPosition: {x: 0, y: 0, z: 0}
  m_LocalScale: {x: 0.31959382, y: 0.31959382, z: 0.31959382}
  m_Children: []
  m_Father: {fileID: 224741242974811148}
  m_RootOrder: 2
  m_LocalEulerAnglesHint: {x: 0, y: 0, z: 0}
  m_AnchorMin: {x: 0.5, y: 0.5}
  m_AnchorMax: {x: 0.5, y: 0.5}
  m_AnchoredPosition: {x: 15.729891, y: 56.9}
  m_SizeDelta: {x: 100, y: 100}
  m_Pivot: {x: 0.5, y: 0.5}
--- !u!224 &224674338815014098
RectTransform:
  m_ObjectHideFlags: 1
  m_CorrespondingSourceObject: {fileID: 0}
  m_PrefabInternal: {fileID: 100100000}
  m_GameObject: {fileID: 1042095053095834}
  m_LocalRotation: {x: 0, y: 0, z: 0, w: 1}
  m_LocalPosition: {x: 0, y: 0, z: 0}
  m_LocalScale: {x: 1, y: 1, z: 1}
  m_Children:
  - {fileID: 224024435003605286}
  m_Father: {fileID: 224258140589755146}
  m_RootOrder: 0
  m_LocalEulerAnglesHint: {x: 0, y: 0, z: 0}
  m_AnchorMin: {x: 0.5, y: 0.5}
  m_AnchorMax: {x: 0.5, y: 0.5}
  m_AnchoredPosition: {x: 0, y: 0}
  m_SizeDelta: {x: 100, y: 100}
  m_Pivot: {x: 0.5, y: 0.5}
--- !u!224 &224727868514741026
RectTransform:
  m_ObjectHideFlags: 1
  m_CorrespondingSourceObject: {fileID: 0}
  m_PrefabInternal: {fileID: 100100000}
  m_GameObject: {fileID: 1817394173606150}
  m_LocalRotation: {x: -0, y: -0, z: 0.047803536, w: -0.99885684}
  m_LocalPosition: {x: 0, y: 0, z: 0}
  m_LocalScale: {x: 1.1500001, y: 1.1500001, z: 1.1500001}
  m_Children: []
  m_Father: {fileID: 224741242974811148}
  m_RootOrder: 0
  m_LocalEulerAnglesHint: {x: 0, y: 0, z: -5.4800005}
  m_AnchorMin: {x: 0.5, y: 0.5}
  m_AnchorMax: {x: 0.5, y: 0.5}
  m_AnchoredPosition: {x: -9.79999, y: -1.4000783}
  m_SizeDelta: {x: 418.26, y: 418.26}
  m_Pivot: {x: 0.5, y: 0.5}
--- !u!224 &224741242974811148
RectTransform:
  m_ObjectHideFlags: 1
  m_CorrespondingSourceObject: {fileID: 0}
  m_PrefabInternal: {fileID: 100100000}
  m_GameObject: {fileID: 1405493314410238}
  m_LocalRotation: {x: 0, y: 0, z: 0, w: 1}
  m_LocalPosition: {x: 0, y: 0, z: 0}
  m_LocalScale: {x: 1, y: 1, z: 1}
  m_Children:
  - {fileID: 224727868514741026}
  - {fileID: 224582543786858718}
  - {fileID: 224593959097633306}
  - {fileID: 224202418594800396}
  - {fileID: 224388356656525494}
  - {fileID: 224996023187983424}
  - {fileID: 224767588041143260}
  - {fileID: 224878635128131252}
  - {fileID: 224313143230107576}
  - {fileID: 224925009347145438}
  m_Father: {fileID: 224258140589755146}
  m_RootOrder: 1
  m_LocalEulerAnglesHint: {x: 0, y: 0, z: 0}
  m_AnchorMin: {x: 0.5, y: 0.5}
  m_AnchorMax: {x: 0.5, y: 0.5}
  m_AnchoredPosition: {x: 0, y: 0}
  m_SizeDelta: {x: 100, y: 100}
  m_Pivot: {x: 0.5, y: 0.5}
--- !u!224 &224767588041143260
RectTransform:
  m_ObjectHideFlags: 1
  m_CorrespondingSourceObject: {fileID: 0}
  m_PrefabInternal: {fileID: 100100000}
  m_GameObject: {fileID: 1732478849653050}
  m_LocalRotation: {x: -0, y: -0, z: -0.7071068, w: 0.7071068}
  m_LocalPosition: {x: 0, y: 0, z: 0}
  m_LocalScale: {x: 0.389315, y: 0.389315, z: 0.38931483}
  m_Children: []
  m_Father: {fileID: 224741242974811148}
  m_RootOrder: 6
  m_LocalEulerAnglesHint: {x: 0, y: 0, z: -90}
  m_AnchorMin: {x: 0.5, y: 0.5}
  m_AnchorMax: {x: 0.5, y: 0.5}
  m_AnchoredPosition: {x: -34.87011, y: 45.51507}
  m_SizeDelta: {x: 100, y: 100}
  m_Pivot: {x: 0.5, y: 0.5}
--- !u!224 &224878635128131252
RectTransform:
  m_ObjectHideFlags: 1
  m_CorrespondingSourceObject: {fileID: 0}
  m_PrefabInternal: {fileID: 100100000}
  m_GameObject: {fileID: 1469791406213630}
  m_LocalRotation: {x: -0, y: -0, z: -0.7071068, w: 0.7071068}
  m_LocalPosition: {x: 0, y: 0, z: 0}
  m_LocalScale: {x: 0.389315, y: 0.389315, z: 0.38931483}
  m_Children: []
  m_Father: {fileID: 224741242974811148}
  m_RootOrder: 7
  m_LocalEulerAnglesHint: {x: 0, y: 0, z: -90}
  m_AnchorMin: {x: 0.5, y: 0.5}
  m_AnchorMax: {x: 0.5, y: 0.5}
  m_AnchoredPosition: {x: -34.87011, y: 42.300022}
  m_SizeDelta: {x: 100, y: 100}
  m_Pivot: {x: 0.5, y: 0.5}
--- !u!224 &224925009347145438
RectTransform:
  m_ObjectHideFlags: 1
  m_CorrespondingSourceObject: {fileID: 0}
  m_PrefabInternal: {fileID: 100100000}
  m_GameObject: {fileID: 1895715413617958}
  m_LocalRotation: {x: -0, y: -0, z: 0.047803536, w: -0.99885684}
  m_LocalPosition: {x: 0, y: 0, z: 0}
  m_LocalScale: {x: 1.1500001, y: 1.1500001, z: 1.1500001}
  m_Children: []
  m_Father: {fileID: 224741242974811148}
  m_RootOrder: 9
  m_LocalEulerAnglesHint: {x: 0, y: 0, z: -5.4800005}
  m_AnchorMin: {x: 0.5, y: 0.5}
  m_AnchorMax: {x: 0.5, y: 0.5}
  m_AnchoredPosition: {x: -9.79999, y: -1.4000173}
  m_SizeDelta: {x: 418.26, y: 418.26}
  m_Pivot: {x: 0.5, y: 0.5}
--- !u!224 &224996023187983424
RectTransform:
  m_ObjectHideFlags: 1
  m_CorrespondingSourceObject: {fileID: 0}
  m_PrefabInternal: {fileID: 100100000}
  m_GameObject: {fileID: 1048405186037138}
  m_LocalRotation: {x: -0, y: -0, z: 0.047803536, w: -0.99885684}
  m_LocalPosition: {x: 0, y: 0, z: 0}
  m_LocalScale: {x: 1.1500001, y: 1.1500001, z: 1.1500001}
  m_Children: []
  m_Father: {fileID: 224741242974811148}
  m_RootOrder: 5
  m_LocalEulerAnglesHint: {x: 0, y: 0, z: -5.4800005}
  m_AnchorMin: {x: 0.5, y: 0.5}
  m_AnchorMax: {x: 0.5, y: 0.5}
  m_AnchoredPosition: {x: -9.79999, y: -1.4000173}
  m_SizeDelta: {x: 418.26, y: 418.26}
  m_Pivot: {x: 0.5, y: 0.5}
